@article{frey2007clustering,
  title={Clustering by passing messages between data points},
  author={Frey, Brendan J. and Dueck, Delbert},
  journal={Science},
  volume={315},
  number={5814},
  year={2007},
  pages={972--976}
}

@article{benson2016higher,
  title={Higher-order Organization of Complex Networks},
  author={Benson, Austin R. and Gleich, David F. and Leskovec, Jure},
  journal={Science},
  volume={353},
  number={6295},
  year={2016},
  pages={163--166}
}
@miscr{snap-reachability,
  title = {Airline travel reachability network},
  howpublished = {\url{https://snap.stanford.edu/data/reachability.html}}
}
@misc{github-code,
  title = {Github website where there is the code of this project},
  howpublished = {\url{https://github.com/RBaghishani/SkyNet-Reachability-Study}}
}
@misc{geo-names,
  title = {The GeoNames geographical database},
  howpublished = {\url{https://www.geonames.org}}
}
